@inproceedings{Reps:1995,
   author = {Reps, Thomas and Horwitz, Susan and Sagiv, Mooly},
   title = {Precise interprocedural dataflow analysis via graph reachability},
   booktitle = {POPL '95: Proceedings of the 22nd ACM SIGPLAN-SIGACT symposium on Principles of programming languages},
   year = {1995},
   isbn = {0-89791-692-1},
   pages = {49--61},
   location = {San Francisco, California, United States},
   doi = {http://doi.acm.org/10.1145/199448.199462},
   publisher = {ACM},
   address = {New York, NY, USA},
}

@inproceedings{Engler:2000,
   author = {Engler, Dawson and Chelf, Benjamin and
      Chou, Andy and Hallem, Seth},
   title = {Checking System Rules Using System-specific,
      Programmer-written Compiler Extensions},
   booktitle = {Proceedings of the 4th Conference on Symposium
      on Operating System Design \& Implementation - Volume 4},
   series = {OSDI'00},
   year = {2000},
   location = {San Diego, California},
   articleno = {1},
   url = {http://dl.acm.org/citation.cfm?id=1251229.1251230},
   acmid = {1251230},
   publisher = {USENIX Association},
   address = {Berkeley, CA, USA},
}

@article{Boute:1992,
   author = {Boute, Raymond T.},
   title = {The Euclidean definition of the functions div and mod},
   journal = {ACM Trans. Program. Lang. Syst.},
   volume = {14},
   number = {2},
   year = {1992},
   issn = {0164-0925},
   pages = {127--144},
   doi = {http://doi.acm.org/10.1145/128861.128862},
   publisher = {ACM},
   address = {New York, NY, USA},
}
@INBOOK{Knuth:divmod,
   author = {Donald E. Knuth},
   title = {Fundamental Algorithms},
   volume = 1,
   series = {The Art of Computer Programming},
   publisher = {Addison-Wesley},
   address = {Reading, Massachusetts},
   edition = {Third},
   year = {1997},
   type = {Section},
   chapter = {1.2.4},
   pages = "39--40",
}
